@article{lecun2015deep,
  title={Deep learning},
  author={LeCun, Yann and Bengio, Yoshua and Hinton, Geoffrey},
  journal={nature},
  volume={521},
  number={7553},
  pages={436--444},
  year={2015},
  publisher={Nature Publishing Group}
}

@article{deeplab,
  title={Analysing mathematical reasoning abilities of neural models},
  author={David Saxton, Edward Grefenstette, Felix Hill and Pushmeet Kohli},
  journal={ICLR 2019},
  year={2019},
  publisher={ICLR 2019}
}

@article{chatgpt,
  author  = {OpenAI},
  year    = {2023},
  title   = {ChatGPT: Large-scale language models for conversational AI},
  journal = {OpenAI Blog},
  url     = {https://openai.com/blog/chatgpt},
}

@article{tptransformer,
  title={Enhancing the Transformer with Explicit Relational Encoding for Math Problem Solving},
  author={Schlag, Imanol and Smolensky, Paul and Fernandez, Roland and Jojic, Nebojsa and Schmidhuber, J{\"u}rgen and Gao, Jianfeng},
  journal={arXiv preprint arXiv:1910.06611},
  year={2019}
}

@misc{dataset,
  author       = {David Saxton and Edward Grefenstette and Felix Hill and Pushmeet Kohli},
  title        = {Mathematics Dataset},
  howpublished = {Dataset},
  year         = {2020},
  url          = {https://paperswithcode.com/dataset/mathematics},
}

@misc{bing,
  author       = {Mehdi, Yusuf},
  title        = {Announcing the next wave of AI innovation with Microsoft Bing and Edge},
  howpublished = {Blog post},
  month        = {May},
  year         = {2023},
  url          = {https://blogs.microsoft.com/blog/2023/05/04/announcing-the-next-wave-of-ai-innovation-with-microsoft-bing-and-edge/},
}
@misc{deepai,
  title        = {DeepAI},
  howpublished = {\url{https://www.deep.ai}},
  year         = {2019},
  url          = {https://deep.ai/chat},
}
@misc{iaskai,
title = {{AI Search Inc.}},
howpublished = {\url{https://www.aisearchinc.com}},
year = {2022}
}






