@article{lecun2015deep,
  title={Deep learning},
  author={LeCun, Yann and Bengio, Yoshua and Hinton, Geoffrey},
  journal={nature},
  volume={521},
  number={7553},
  pages={436--444},
  year={2015},
  publisher={Nature Publishing Group}
}

@article{deeplab,
  title={Analysing mathematical reasoning abilities of neural models},
  author={David Saxton, Edward Grefenstette, Felix Hill and Pushmeet Kohli},
  journal={ICLR 2019},
  year={2019},
  publisher={ICLR 2019}
}


